%YAML 1.1
%TAG !u! tag:unity3d.com,2011:
--- !u!29 &1
OcclusionCullingSettings:
  m_ObjectHideFlags: 0
  serializedVersion: 2
  m_OcclusionBakeSettings:
    smallestOccluder: 5
    smallestHole: 0.25
    backfaceThreshold: 100
  m_SceneGUID: 00000000000000000000000000000000
  m_OcclusionCullingData: {fileID: 0}
--- !u!104 &2
RenderSettings:
  m_ObjectHideFlags: 0
  serializedVersion: 9
  m_Fog: 0
  m_FogColor: {r: 0.5, g: 0.5, b: 0.5, a: 1}
  m_FogMode: 3
  m_FogDensity: 0.01
  m_LinearFogStart: 0
  m_LinearFogEnd: 300
  m_AmbientSkyColor: {r: 0.212, g: 0.227, b: 0.259, a: 1}
  m_AmbientEquatorColor: {r: 0.114, g: 0.125, b: 0.133, a: 1}
  m_AmbientGroundColor: {r: 0.047, g: 0.043, b: 0.035, a: 1}
  m_AmbientIntensity: 1
  m_AmbientMode: 3
  m_SubtractiveShadowColor: {r: 0.42, g: 0.478, b: 0.627, a: 1}
  m_SkyboxMaterial: {fileID: 0}
  m_HaloStrength: 0.5
  m_FlareStrength: 1
  m_FlareFadeSpeed: 3
  m_HaloTexture: {fileID: 0}
  m_SpotCookie: {fileID: 10001, guid: 0000000000000000e000000000000000, type: 0}
  m_DefaultReflectionMode: 0
  m_DefaultReflectionResolution: 128
  m_ReflectionBounces: 1
  m_ReflectionIntensity: 1
  m_CustomReflection: {fileID: 0}
  m_Sun: {fileID: 0}
  m_IndirectSpecularColor: {r: 0, g: 0, b: 0, a: 1}
  m_UseRadianceAmbientProbe: 0
--- !u!157 &3
LightmapSettings:
  m_ObjectHideFlags: 0
  serializedVersion: 11
  m_GIWorkflowMode: 1
  m_GISettings:
    serializedVersion: 2
    m_BounceScale: 1
    m_IndirectOutputScale: 1
    m_AlbedoBoost: 1
    m_EnvironmentLightingMode: 0
    m_EnableBakedLightmaps: 0
    m_EnableRealtimeLightmaps: 0
  m_LightmapEditorSettings:
    serializedVersion: 12
    m_Resolution: 2
    m_BakeResolution: 40
    m_AtlasSize: 1024
    m_AO: 0
    m_AOMaxDistance: 1
    m_CompAOExponent: 1
    m_CompAOExponentDirect: 0
    m_ExtractAmbientOcclusion: 0
    m_Padding: 2
    m_LightmapParameters: {fileID: 0}
    m_LightmapsBakeMode: 1
    m_TextureCompression: 1
    m_FinalGather: 0
    m_FinalGatherFiltering: 1
    m_FinalGatherRayCount: 256
    m_ReflectionCompression: 2
    m_MixedBakeMode: 2
    m_BakeBackend: 0
    m_PVRSampling: 1
    m_PVRDirectSampleCount: 32
    m_PVRSampleCount: 500
    m_PVRBounces: 2
    m_PVREnvironmentSampleCount: 500
    m_PVREnvironmentReferencePointCount: 2048
    m_PVRFilteringMode: 2
    m_PVRDenoiserTypeDirect: 0
    m_PVRDenoiserTypeIndirect: 0
    m_PVRDenoiserTypeAO: 0
    m_PVRFilterTypeDirect: 0
    m_PVRFilterTypeIndirect: 0
    m_PVRFilterTypeAO: 0
    m_PVREnvironmentMIS: 0
    m_PVRCulling: 1
    m_PVRFilteringGaussRadiusDirect: 1
    m_PVRFilteringGaussRadiusIndirect: 5
    m_PVRFilteringGaussRadiusAO: 2
    m_PVRFilteringAtrousPositionSigmaDirect: 0.5
    m_PVRFilteringAtrousPositionSigmaIndirect: 2
    m_PVRFilteringAtrousPositionSigmaAO: 1
    m_ExportTrainingData: 0
    m_TrainingDataDestination: TrainingData
  m_LightingDataAsset: {fileID: 0}
  m_UseShadowmask: 1
--- !u!196 &4
NavMeshSettings:
  serializedVersion: 2
  m_ObjectHideFlags: 0
  m_BuildSettings:
    serializedVersion: 2
    agentTypeID: 0
    agentRadius: 0.5
    agentHeight: 2
    agentSlope: 45
    agentClimb: 0.4
    ledgeDropHeight: 0
    maxJumpAcrossDistance: 0
    minRegionArea: 2
    manualCellSize: 0
    cellSize: 0.16666667
    manualTileSize: 0
    tileSize: 256
    accuratePlacement: 0
    debug:
      m_Flags: 0
  m_NavMeshData: {fileID: 0}
--- !u!1001 &105641420
PrefabInstance:
  m_ObjectHideFlags: 0
  serializedVersion: 2
  m_Modification:
    m_TransformParent: {fileID: 0}
    m_Modifications:
    - target: {fileID: 2535332778576852969, guid: d2538e9f7091f59498df6a468c0bfee7,
        type: 3}
      propertyPath: m_LocalPosition.x
      value: 0
      objectReference: {fileID: 0}
    - target: {fileID: 2535332778576852969, guid: d2538e9f7091f59498df6a468c0bfee7,
        type: 3}
      propertyPath: m_LocalPosition.y
      value: -3.5
      objectReference: {fileID: 0}
    - target: {fileID: 2535332778576852969, guid: d2538e9f7091f59498df6a468c0bfee7,
        type: 3}
      propertyPath: m_LocalPosition.z
      value: 0
      objectReference: {fileID: 0}
    - target: {fileID: 2535332778576852969, guid: d2538e9f7091f59498df6a468c0bfee7,
        type: 3}
      propertyPath: m_LocalRotation.x
      value: -0
      objectReference: {fileID: 0}
    - target: {fileID: 2535332778576852969, guid: d2538e9f7091f59498df6a468c0bfee7,
        type: 3}
      propertyPath: m_LocalRotation.y
      value: -0
      objectReference: {fileID: 0}
    - target: {fileID: 2535332778576852969, guid: d2538e9f7091f59498df6a468c0bfee7,
        type: 3}
      propertyPath: m_LocalRotation.z
      value: -0
      objectReference: {fileID: 0}
    - target: {fileID: 2535332778576852969, guid: d2538e9f7091f59498df6a468c0bfee7,
        type: 3}
      propertyPath: m_LocalRotation.w
      value: 1
      objectReference: {fileID: 0}
    - target: {fileID: 2535332778576852969, guid: d2538e9f7091f59498df6a468c0bfee7,
        type: 3}
      propertyPath: m_RootOrder
      value: 1
      objectReference: {fileID: 0}
    - target: {fileID: 2535332778576852969, guid: d2538e9f7091f59498df6a468c0bfee7,
        type: 3}
      propertyPath: m_LocalEulerAnglesHint.x
      value: 0
      objectReference: {fileID: 0}
    - target: {fileID: 2535332778576852969, guid: d2538e9f7091f59498df6a468c0bfee7,
        type: 3}
      propertyPath: m_LocalEulerAnglesHint.y
      value: 0
      objectReference: {fileID: 0}
    - target: {fileID: 2535332778576852969, guid: d2538e9f7091f59498df6a468c0bfee7,
        type: 3}
      propertyPath: m_LocalEulerAnglesHint.z
      value: 0
      objectReference: {fileID: 0}
    - target: {fileID: 3705103642543724379, guid: d2538e9f7091f59498df6a468c0bfee7,
        type: 3}
      propertyPath: m_Name
      value: Player
      objectReference: {fileID: 0}
    m_RemovedComponents: []
  m_SourcePrefab: {fileID: 100100000, guid: d2538e9f7091f59498df6a468c0bfee7, type: 3}
--- !u!1 &519420028
GameObject:
  m_ObjectHideFlags: 0
  m_CorrespondingSourceObject: {fileID: 0}
  m_PrefabInstance: {fileID: 0}
  m_PrefabAsset: {fileID: 0}
  serializedVersion: 6
  m_Component:
  - component: {fileID: 519420032}
  - component: {fileID: 519420031}
  - component: {fileID: 519420029}
  m_Layer: 0
  m_Name: Main Camera
  m_TagString: MainCamera
  m_Icon: {fileID: 0}
  m_NavMeshLayer: 0
  m_StaticEditorFlags: 0
  m_IsActive: 1
--- !u!81 &519420029
AudioListener:
  m_ObjectHideFlags: 0
  m_CorrespondingSourceObject: {fileID: 0}
  m_PrefabInstance: {fileID: 0}
  m_PrefabAsset: {fileID: 0}
  m_GameObject: {fileID: 519420028}
  m_Enabled: 1
--- !u!20 &519420031
Camera:
  m_ObjectHideFlags: 0
  m_CorrespondingSourceObject: {fileID: 0}
  m_PrefabInstance: {fileID: 0}
  m_PrefabAsset: {fileID: 0}
  m_GameObject: {fileID: 519420028}
  m_Enabled: 1
  serializedVersion: 2
  m_ClearFlags: 2
  m_BackGroundColor: {r: 0.19215687, g: 0.3019608, b: 0.4745098, a: 0}
  m_projectionMatrixMode: 1
  m_GateFitMode: 2
  m_FOVAxisMode: 0
  m_SensorSize: {x: 36, y: 24}
  m_LensShift: {x: 0, y: 0}
  m_FocalLength: 50
  m_NormalizedViewPortRect:
    serializedVersion: 2
    x: 0
    y: 0
    width: 1
    height: 1
  near clip plane: 0.3
  far clip plane: 1000
  field of view: 60
  orthographic: 1
  orthographic size: 5
  m_Depth: -1
  m_CullingMask:
    serializedVersion: 2
    m_Bits: 4294967295
  m_RenderingPath: -1
  m_TargetTexture: {fileID: 0}
  m_TargetDisplay: 0
  m_TargetEye: 0
  m_HDR: 1
  m_AllowMSAA: 0
  m_AllowDynamicResolution: 0
  m_ForceIntoRT: 0
  m_OcclusionCulling: 0
  m_StereoConvergence: 10
  m_StereoSeparation: 0.022
--- !u!4 &519420032
Transform:
  m_ObjectHideFlags: 0
  m_CorrespondingSourceObject: {fileID: 0}
  m_PrefabInstance: {fileID: 0}
  m_PrefabAsset: {fileID: 0}
  m_GameObject: {fileID: 519420028}
  m_LocalRotation: {x: 0, y: 0, z: 0, w: 1}
  m_LocalPosition: {x: 0, y: 0, z: -10}
  m_LocalScale: {x: 1, y: 1, z: 1}
  m_Children: []
  m_Father: {fileID: 0}
  m_RootOrder: 0
  m_LocalEulerAnglesHint: {x: 0, y: 0, z: 0}
--- !u!1 &1091667787
GameObject:
  m_ObjectHideFlags: 0
  m_CorrespondingSourceObject: {fileID: 7459386852562803285, guid: 2c91206af6dc24c4190dc76570ac33a6,
    type: 3}
  m_PrefabInstance: {fileID: 0}
  m_PrefabAsset: {fileID: 0}
  serializedVersion: 6
  m_Component:
  - component: {fileID: 1091667788}
  m_Layer: 0
  m_Name: Transition Boundaries
  m_TagString: Untagged
  m_Icon: {fileID: 0}
  m_NavMeshLayer: 0
  m_StaticEditorFlags: 0
  m_IsActive: 1
--- !u!4 &1091667788
Transform:
  m_ObjectHideFlags: 0
  m_CorrespondingSourceObject: {fileID: 5120610416102126163, guid: 2c91206af6dc24c4190dc76570ac33a6,
    type: 3}
  m_PrefabInstance: {fileID: 0}
  m_PrefabAsset: {fileID: 0}
  m_GameObject: {fileID: 1091667787}
  m_LocalRotation: {x: -0, y: -0, z: -0, w: 1}
  m_LocalPosition: {x: 0, y: 0, z: 0}
  m_LocalScale: {x: 1, y: 1, z: 1}
  m_Children:
  - {fileID: 1415845421}
  m_Father: {fileID: 0}
  m_RootOrder: 3
  m_LocalEulerAnglesHint: {x: 0, y: 0, z: 0}
--- !u!1001 &1107504009
PrefabInstance:
  m_ObjectHideFlags: 0
  serializedVersion: 2
  m_Modification:
    m_TransformParent: {fileID: 0}
    m_Modifications:
    - target: {fileID: 1490087790216319775, guid: 62cbe44f61bbfe5438f463864a0e5143,
        type: 3}
      propertyPath: m_Name
      value: Background
      objectReference: {fileID: 0}
    - target: {fileID: 3373717820863527780, guid: 62cbe44f61bbfe5438f463864a0e5143,
        type: 3}
      propertyPath: m_LocalPosition.x
      value: 0
      objectReference: {fileID: 0}
    - target: {fileID: 3373717820863527780, guid: 62cbe44f61bbfe5438f463864a0e5143,
        type: 3}
      propertyPath: m_LocalPosition.y
      value: 0
      objectReference: {fileID: 0}
    - target: {fileID: 3373717820863527780, guid: 62cbe44f61bbfe5438f463864a0e5143,
        type: 3}
      propertyPath: m_LocalPosition.z
      value: 0
      objectReference: {fileID: 0}
    - target: {fileID: 3373717820863527780, guid: 62cbe44f61bbfe5438f463864a0e5143,
        type: 3}
      propertyPath: m_LocalRotation.x
      value: 0
      objectReference: {fileID: 0}
    - target: {fileID: 3373717820863527780, guid: 62cbe44f61bbfe5438f463864a0e5143,
        type: 3}
      propertyPath: m_LocalRotation.y
      value: 0
      objectReference: {fileID: 0}
    - target: {fileID: 3373717820863527780, guid: 62cbe44f61bbfe5438f463864a0e5143,
        type: 3}
      propertyPath: m_LocalRotation.z
      value: 0
      objectReference: {fileID: 0}
    - target: {fileID: 3373717820863527780, guid: 62cbe44f61bbfe5438f463864a0e5143,
        type: 3}
      propertyPath: m_LocalRotation.w
      value: 1
      objectReference: {fileID: 0}
    - target: {fileID: 3373717820863527780, guid: 62cbe44f61bbfe5438f463864a0e5143,
        type: 3}
      propertyPath: m_RootOrder
      value: 6
      objectReference: {fileID: 0}
    - target: {fileID: 3373717820863527780, guid: 62cbe44f61bbfe5438f463864a0e5143,
        type: 3}
      propertyPath: m_LocalEulerAnglesHint.x
      value: 0
      objectReference: {fileID: 0}
    - target: {fileID: 3373717820863527780, guid: 62cbe44f61bbfe5438f463864a0e5143,
        type: 3}
      propertyPath: m_LocalEulerAnglesHint.y
      value: 0
      objectReference: {fileID: 0}
    - target: {fileID: 3373717820863527780, guid: 62cbe44f61bbfe5438f463864a0e5143,
        type: 3}
      propertyPath: m_LocalEulerAnglesHint.z
      value: 0
      objectReference: {fileID: 0}
    m_RemovedComponents: []
  m_SourcePrefab: {fileID: 100100000, guid: 62cbe44f61bbfe5438f463864a0e5143, type: 3}
--- !u!1 &1407147949
GameObject:
  m_ObjectHideFlags: 0
  m_CorrespondingSourceObject: {fileID: 0}
  m_PrefabInstance: {fileID: 0}
  m_PrefabAsset: {fileID: 0}
  serializedVersion: 6
  m_Component:
  - component: {fileID: 1407147951}
  - component: {fileID: 1407147950}
  m_Layer: 0
  m_Name: New Painting 06
  m_TagString: Untagged
  m_Icon: {fileID: 0}
  m_NavMeshLayer: 0
  m_StaticEditorFlags: 0
  m_IsActive: 1
--- !u!212 &1407147950
SpriteRenderer:
  m_ObjectHideFlags: 0
  m_CorrespondingSourceObject: {fileID: 0}
  m_PrefabInstance: {fileID: 0}
  m_PrefabAsset: {fileID: 0}
  m_GameObject: {fileID: 1407147949}
  m_Enabled: 1
  m_CastShadows: 0
  m_ReceiveShadows: 0
  m_DynamicOccludee: 1
  m_MotionVectors: 1
  m_LightProbeUsage: 1
  m_ReflectionProbeUsage: 1
  m_RenderingLayerMask: 1
  m_RendererPriority: 0
  m_Materials:
  - {fileID: 10754, guid: 0000000000000000f000000000000000, type: 0}
  m_StaticBatchInfo:
    firstSubMesh: 0
    subMeshCount: 0
  m_StaticBatchRoot: {fileID: 0}
  m_ProbeAnchor: {fileID: 0}
  m_LightProbeVolumeOverride: {fileID: 0}
  m_ScaleInLightmap: 1
  m_ReceiveGI: 1
  m_PreserveUVs: 0
  m_IgnoreNormalsForChartDetection: 0
  m_ImportantGI: 0
  m_StitchLightmapSeams: 1
  m_SelectedEditorRenderState: 0
  m_MinimumChartSize: 4
  m_AutoUVMaxDistance: 0.5
  m_AutoUVMaxAngle: 89
  m_LightmapParameters: {fileID: 0}
  m_SortingLayerID: -520660627
  m_SortingLayer: -2
  m_SortingOrder: 0
  m_Sprite: {fileID: 21300000, guid: 29af06e638efc544e8808896b6118841, type: 3}
  m_Color: {r: 1, g: 1, b: 1, a: 1}
  m_FlipX: 0
  m_FlipY: 0
  m_DrawMode: 0
  m_Size: {x: 8, y: 10.8}
  m_AdaptiveModeThreshold: 0.5
  m_SpriteTileMode: 0
  m_WasSpriteAssigned: 1
  m_MaskInteraction: 0
  m_SpriteSortPoint: 0
--- !u!4 &1407147951
Transform:
  m_ObjectHideFlags: 0
  m_CorrespondingSourceObject: {fileID: 0}
  m_PrefabInstance: {fileID: 0}
  m_PrefabAsset: {fileID: 0}
  m_GameObject: {fileID: 1407147949}
  m_LocalRotation: {x: 0, y: 0, z: 0, w: 1}
  m_LocalPosition: {x: 0, y: 0, z: 0}
  m_LocalScale: {x: 1, y: 1, z: 1}
  m_Children: []
  m_Father: {fileID: 0}
  m_RootOrder: 4
  m_LocalEulerAnglesHint: {x: 0, y: 0, z: 0}
--- !u!1001 &1415845420
PrefabInstance:
  m_ObjectHideFlags: 0
  serializedVersion: 2
  m_Modification:
    m_TransformParent: {fileID: 1091667788}
    m_Modifications:
    - target: {fileID: 1415845423, guid: 2b2c1273d0ad5a94bae3a9540746bd03, type: 3}
      propertyPath: levelToLoad
      value: Painting 09.3
      objectReference: {fileID: 0}
    - target: {fileID: 1415845423, guid: 2b2c1273d0ad5a94bae3a9540746bd03, type: 3}
      propertyPath: white
      value: 
      objectReference: {fileID: 2057766468}
    - target: {fileID: 1415845423, guid: 2b2c1273d0ad5a94bae3a9540746bd03, type: 3}
      propertyPath: anim
      value: 
      objectReference: {fileID: 2057766467}
    - target: {fileID: 444494384575820818, guid: 2b2c1273d0ad5a94bae3a9540746bd03,
        type: 3}
      propertyPath: m_Name
      value: Transition Boundary
      objectReference: {fileID: 0}
    - target: {fileID: 444494384575820818, guid: 2b2c1273d0ad5a94bae3a9540746bd03,
        type: 3}
      propertyPath: m_IsActive
      value: 1
      objectReference: {fileID: 0}
    - target: {fileID: 444494384575820818, guid: 2b2c1273d0ad5a94bae3a9540746bd03,
        type: 3}
      propertyPath: m_TagString
      value: Transition
      objectReference: {fileID: 0}
    - target: {fileID: 8309642152148126849, guid: 2b2c1273d0ad5a94bae3a9540746bd03,
        type: 3}
      propertyPath: m_LocalPosition.x
      value: 0
      objectReference: {fileID: 0}
    - target: {fileID: 8309642152148126849, guid: 2b2c1273d0ad5a94bae3a9540746bd03,
        type: 3}
      propertyPath: m_LocalPosition.y
      value: -1.64
      objectReference: {fileID: 0}
    - target: {fileID: 8309642152148126849, guid: 2b2c1273d0ad5a94bae3a9540746bd03,
        type: 3}
      propertyPath: m_LocalPosition.z
      value: 0
      objectReference: {fileID: 0}
    - target: {fileID: 8309642152148126849, guid: 2b2c1273d0ad5a94bae3a9540746bd03,
        type: 3}
      propertyPath: m_LocalRotation.x
      value: -0
      objectReference: {fileID: 0}
    - target: {fileID: 8309642152148126849, guid: 2b2c1273d0ad5a94bae3a9540746bd03,
        type: 3}
      propertyPath: m_LocalRotation.y
      value: -0
      objectReference: {fileID: 0}
    - target: {fileID: 8309642152148126849, guid: 2b2c1273d0ad5a94bae3a9540746bd03,
        type: 3}
      propertyPath: m_LocalRotation.z
      value: -0
      objectReference: {fileID: 0}
    - target: {fileID: 8309642152148126849, guid: 2b2c1273d0ad5a94bae3a9540746bd03,
        type: 3}
      propertyPath: m_LocalRotation.w
      value: 1
      objectReference: {fileID: 0}
    - target: {fileID: 8309642152148126849, guid: 2b2c1273d0ad5a94bae3a9540746bd03,
        type: 3}
      propertyPath: m_RootOrder
      value: 0
      objectReference: {fileID: 0}
    - target: {fileID: 8309642152148126849, guid: 2b2c1273d0ad5a94bae3a9540746bd03,
        type: 3}
      propertyPath: m_LocalEulerAnglesHint.x
      value: 0
      objectReference: {fileID: 0}
    - target: {fileID: 8309642152148126849, guid: 2b2c1273d0ad5a94bae3a9540746bd03,
        type: 3}
      propertyPath: m_LocalEulerAnglesHint.y
      value: 0
      objectReference: {fileID: 0}
    - target: {fileID: 8309642152148126849, guid: 2b2c1273d0ad5a94bae3a9540746bd03,
        type: 3}
      propertyPath: m_LocalEulerAnglesHint.z
      value: 0
      objectReference: {fileID: 0}
    - target: {fileID: 8309642152148126849, guid: 2b2c1273d0ad5a94bae3a9540746bd03,
        type: 3}
      propertyPath: m_LocalScale.x
      value: 7.5
      objectReference: {fileID: 0}
    m_RemovedComponents: []
  m_SourcePrefab: {fileID: 100100000, guid: 2b2c1273d0ad5a94bae3a9540746bd03, type: 3}
--- !u!4 &1415845421 stripped
Transform:
  m_CorrespondingSourceObject: {fileID: 8309642152148126849, guid: 2b2c1273d0ad5a94bae3a9540746bd03,
    type: 3}
  m_PrefabInstance: {fileID: 1415845420}
  m_PrefabAsset: {fileID: 0}
--- !u!1 &1652684625 stripped
GameObject:
  m_CorrespondingSourceObject: {fileID: 444494384575820818, guid: 2b2c1273d0ad5a94bae3a9540746bd03,
    type: 3}
  m_PrefabInstance: {fileID: 1415845420}
  m_PrefabAsset: {fileID: 0}
--- !u!114 &1652684629
MonoBehaviour:
  m_ObjectHideFlags: 0
  m_CorrespondingSourceObject: {fileID: 0}
  m_PrefabInstance: {fileID: 0}
  m_PrefabAsset: {fileID: 0}
  m_GameObject: {fileID: 1652684625}
  m_Enabled: 1
  m_EditorHideFlags: 0
  m_Script: {fileID: 11500000, guid: 12982dec6f6c43d4fa962a8e3d575b9a, type: 3}
  m_Name: 
  m_EditorClassIdentifier: 
  zoomAmount: 100
  zoomTime: 5
--- !u!1001 &2014821749
PrefabInstance:
  m_ObjectHideFlags: 0
  serializedVersion: 2
  m_Modification:
    m_TransformParent: {fileID: 0}
    m_Modifications:
    - target: {fileID: 1448740212500941251, guid: 6b35adc1ff6f6914c93578734a1865fc,
        type: 3}
      propertyPath: m_LocalPosition.x
      value: 0.019
      objectReference: {fileID: 0}
    - target: {fileID: 1448740212500941251, guid: 6b35adc1ff6f6914c93578734a1865fc,
        type: 3}
      propertyPath: m_LocalScale.x
      value: 7.5749297
      objectReference: {fileID: 0}
    - target: {fileID: 1448740212500941251, guid: 6b35adc1ff6f6914c93578734a1865fc,
        type: 3}
      propertyPath: m_LocalPosition.y
      value: -5.1
      objectReference: {fileID: 0}
    - target: {fileID: 1448740212500941251, guid: 6b35adc1ff6f6914c93578734a1865fc,
        type: 3}
      propertyPath: m_LocalScale.y
      value: 0.10195608
      objectReference: {fileID: 0}
    - target: {fileID: 3278152893301378188, guid: 6b35adc1ff6f6914c93578734a1865fc,
        type: 3}
      propertyPath: m_LocalPosition.x
      value: 0
      objectReference: {fileID: 0}
    - target: {fileID: 3278152893301378188, guid: 6b35adc1ff6f6914c93578734a1865fc,
        type: 3}
      propertyPath: m_LocalPosition.y
      value: 0
      objectReference: {fileID: 0}
    - target: {fileID: 3278152893301378188, guid: 6b35adc1ff6f6914c93578734a1865fc,
        type: 3}
      propertyPath: m_LocalPosition.z
      value: 0
      objectReference: {fileID: 0}
    - target: {fileID: 3278152893301378188, guid: 6b35adc1ff6f6914c93578734a1865fc,
        type: 3}
      propertyPath: m_LocalRotation.x
      value: -0
      objectReference: {fileID: 0}
    - target: {fileID: 3278152893301378188, guid: 6b35adc1ff6f6914c93578734a1865fc,
        type: 3}
      propertyPath: m_LocalRotation.y
      value: -0
      objectReference: {fileID: 0}
    - target: {fileID: 3278152893301378188, guid: 6b35adc1ff6f6914c93578734a1865fc,
        type: 3}
      propertyPath: m_LocalRotation.z
      value: -0
      objectReference: {fileID: 0}
    - target: {fileID: 3278152893301378188, guid: 6b35adc1ff6f6914c93578734a1865fc,
        type: 3}
      propertyPath: m_LocalRotation.w
      value: 1
      objectReference: {fileID: 0}
    - target: {fileID: 3278152893301378188, guid: 6b35adc1ff6f6914c93578734a1865fc,
        type: 3}
      propertyPath: m_RootOrder
      value: 2
      objectReference: {fileID: 0}
    - target: {fileID: 3278152893301378188, guid: 6b35adc1ff6f6914c93578734a1865fc,
        type: 3}
      propertyPath: m_LocalEulerAnglesHint.x
      value: 0
      objectReference: {fileID: 0}
    - target: {fileID: 3278152893301378188, guid: 6b35adc1ff6f6914c93578734a1865fc,
        type: 3}
      propertyPath: m_LocalEulerAnglesHint.y
      value: 0
      objectReference: {fileID: 0}
    - target: {fileID: 3278152893301378188, guid: 6b35adc1ff6f6914c93578734a1865fc,
        type: 3}
      propertyPath: m_LocalEulerAnglesHint.z
      value: 0
      objectReference: {fileID: 0}
    - target: {fileID: 3635852761821255201, guid: 6b35adc1ff6f6914c93578734a1865fc,
        type: 3}
      propertyPath: m_LocalScale.x
      value: 0.08416589
      objectReference: {fileID: 0}
    - target: {fileID: 3635852761821255201, guid: 6b35adc1ff6f6914c93578734a1865fc,
        type: 3}
      propertyPath: m_LocalPosition.x
      value: 3.807
      objectReference: {fileID: 0}
    - target: {fileID: 3635852761821255201, guid: 6b35adc1ff6f6914c93578734a1865fc,
        type: 3}
      propertyPath: m_LocalPosition.y
      value: -0.005
      objectReference: {fileID: 0}
    - target: {fileID: 3635852761821255201, guid: 6b35adc1ff6f6914c93578734a1865fc,
        type: 3}
      propertyPath: m_LocalScale.y
      value: 10.195607
      objectReference: {fileID: 0}
    - target: {fileID: 6652719591309162160, guid: 6b35adc1ff6f6914c93578734a1865fc,
        type: 3}
      propertyPath: m_Name
      value: Bounderies
      objectReference: {fileID: 0}
    - target: {fileID: 6708980565570252996, guid: 6b35adc1ff6f6914c93578734a1865fc,
        type: 3}
      propertyPath: m_LocalPosition.x
      value: 0.019
      objectReference: {fileID: 0}
    - target: {fileID: 6708980565570252996, guid: 6b35adc1ff6f6914c93578734a1865fc,
        type: 3}
      propertyPath: m_LocalScale.x
      value: 7.5749297
      objectReference: {fileID: 0}
    - target: {fileID: 6708980565570252996, guid: 6b35adc1ff6f6914c93578734a1865fc,
        type: 3}
      propertyPath: m_LocalScale.y
      value: 0.10195608
      objectReference: {fileID: 0}
    - target: {fileID: 6708980565570252996, guid: 6b35adc1ff6f6914c93578734a1865fc,
        type: 3}
      propertyPath: m_LocalPosition.y
      value: 5.092
      objectReference: {fileID: 0}
    - target: {fileID: 7125663208576741916, guid: 6b35adc1ff6f6914c93578734a1865fc,
        type: 3}
      propertyPath: m_LocalPosition.x
      value: -3.77
      objectReference: {fileID: 0}
    - target: {fileID: 7125663208576741916, guid: 6b35adc1ff6f6914c93578734a1865fc,
        type: 3}
      propertyPath: m_LocalScale.x
      value: 0.08416589
      objectReference: {fileID: 0}
    - target: {fileID: 7125663208576741916, guid: 6b35adc1ff6f6914c93578734a1865fc,
        type: 3}
      propertyPath: m_LocalPosition.y
      value: -0.005
      objectReference: {fileID: 0}
    - target: {fileID: 7125663208576741916, guid: 6b35adc1ff6f6914c93578734a1865fc,
        type: 3}
      propertyPath: m_LocalScale.y
      value: 10.195607
      objectReference: {fileID: 0}
    m_RemovedComponents: []
  m_SourcePrefab: {fileID: 100100000, guid: 6b35adc1ff6f6914c93578734a1865fc, type: 3}
--- !u!1001 &2057766466
PrefabInstance:
  m_ObjectHideFlags: 0
  serializedVersion: 2
  m_Modification:
    m_TransformParent: {fileID: 0}
    m_Modifications:
    - target: {fileID: 109679550938902758, guid: a9a1d3b5b69348546922ed8f0a718f78,
        type: 3}
      propertyPath: m_Name
      value: Canvas
      objectReference: {fileID: 0}
    - target: {fileID: 109679550938902778, guid: a9a1d3b5b69348546922ed8f0a718f78,
        type: 3}
      propertyPath: m_LocalPosition.x
      value: 0
      objectReference: {fileID: 0}
    - target: {fileID: 109679550938902778, guid: a9a1d3b5b69348546922ed8f0a718f78,
        type: 3}
      propertyPath: m_LocalPosition.y
      value: 0
      objectReference: {fileID: 0}
    - target: {fileID: 109679550938902778, guid: a9a1d3b5b69348546922ed8f0a718f78,
        type: 3}
      propertyPath: m_LocalPosition.z
      value: 0
      objectReference: {fileID: 0}
    - target: {fileID: 109679550938902778, guid: a9a1d3b5b69348546922ed8f0a718f78,
        type: 3}
      propertyPath: m_LocalRotation.x
      value: 0
      objectReference: {fileID: 0}
    - target: {fileID: 109679550938902778, guid: a9a1d3b5b69348546922ed8f0a718f78,
        type: 3}
      propertyPath: m_LocalRotation.y
      value: 0
      objectReference: {fileID: 0}
    - target: {fileID: 109679550938902778, guid: a9a1d3b5b69348546922ed8f0a718f78,
        type: 3}
      propertyPath: m_LocalRotation.z
      value: 0
      objectReference: {fileID: 0}
    - target: {fileID: 109679550938902778, guid: a9a1d3b5b69348546922ed8f0a718f78,
        type: 3}
      propertyPath: m_LocalRotation.w
      value: 1
      objectReference: {fileID: 0}
    - target: {fileID: 109679550938902778, guid: a9a1d3b5b69348546922ed8f0a718f78,
        type: 3}
      propertyPath: m_RootOrder
      value: 5
      objectReference: {fileID: 0}
    - target: {fileID: 109679550938902778, guid: a9a1d3b5b69348546922ed8f0a718f78,
        type: 3}
      propertyPath: m_LocalEulerAnglesHint.x
      value: 0
      objectReference: {fileID: 0}
    - target: {fileID: 109679550938902778, guid: a9a1d3b5b69348546922ed8f0a718f78,
        type: 3}
      propertyPath: m_LocalEulerAnglesHint.y
      value: 0
      objectReference: {fileID: 0}
    - target: {fileID: 109679550938902778, guid: a9a1d3b5b69348546922ed8f0a718f78,
        type: 3}
      propertyPath: m_LocalEulerAnglesHint.z
      value: 0
      objectReference: {fileID: 0}
    - target: {fileID: 109679550938902778, guid: a9a1d3b5b69348546922ed8f0a718f78,
        type: 3}
      propertyPath: m_AnchoredPosition.x
      value: 0
      objectReference: {fileID: 0}
    - target: {fileID: 109679550938902778, guid: a9a1d3b5b69348546922ed8f0a718f78,
        type: 3}
      propertyPath: m_AnchoredPosition.y
      value: 0
      objectReference: {fileID: 0}
    - target: {fileID: 109679550938902778, guid: a9a1d3b5b69348546922ed8f0a718f78,
        type: 3}
      propertyPath: m_SizeDelta.x
      value: 0
      objectReference: {fileID: 0}
    - target: {fileID: 109679550938902778, guid: a9a1d3b5b69348546922ed8f0a718f78,
        type: 3}
      propertyPath: m_SizeDelta.y
      value: 0
      objectReference: {fileID: 0}
    - target: {fileID: 109679550938902778, guid: a9a1d3b5b69348546922ed8f0a718f78,
        type: 3}
      propertyPath: m_AnchorMin.x
      value: 0
      objectReference: {fileID: 0}
    - target: {fileID: 109679550938902778, guid: a9a1d3b5b69348546922ed8f0a718f78,
        type: 3}
      propertyPath: m_AnchorMin.y
      value: 0
      objectReference: {fileID: 0}
    - target: {fileID: 109679550938902778, guid: a9a1d3b5b69348546922ed8f0a718f78,
        type: 3}
      propertyPath: m_AnchorMax.x
      value: 0
      objectReference: {fileID: 0}
    - target: {fileID: 109679550938902778, guid: a9a1d3b5b69348546922ed8f0a718f78,
        type: 3}
      propertyPath: m_AnchorMax.y
      value: 0
      objectReference: {fileID: 0}
    - target: {fileID: 109679550938902778, guid: a9a1d3b5b69348546922ed8f0a718f78,
        type: 3}
      propertyPath: m_Pivot.x
      value: 0
      objectReference: {fileID: 0}
    - target: {fileID: 109679550938902778, guid: a9a1d3b5b69348546922ed8f0a718f78,
        type: 3}
      propertyPath: m_Pivot.y
      value: 0
      objectReference: {fileID: 0}
    m_RemovedComponents: []
  m_SourcePrefab: {fileID: 100100000, guid: a9a1d3b5b69348546922ed8f0a718f78, type: 3}
--- !u!95 &2057766467 stripped
Animator:
  m_CorrespondingSourceObject: {fileID: 109679549325576370, guid: a9a1d3b5b69348546922ed8f0a718f78,
    type: 3}
  m_PrefabInstance: {fileID: 2057766466}
  m_PrefabAsset: {fileID: 0}
--- !u!114 &2057766468 stripped
MonoBehaviour:
  m_CorrespondingSourceObject: {fileID: 109679549325576369, guid: a9a1d3b5b69348546922ed8f0a718f78,
    type: 3}
  m_PrefabInstance: {fileID: 2057766466}
  m_PrefabAsset: {fileID: 0}
  m_GameObject: {fileID: 0}
  m_Enabled: 1
  m_EditorHideFlags: 0
  m_Script: {fileID: 11500000, guid: fe87c0e1cc204ed48ad3b37840f39efc, type: 3}
  m_Name: 
  m_EditorClassIdentifier: 
